%YAML 1.1
%TAG !u! tag:unity3d.com,2011:
--- !u!29 &1
SceneSettings:
  m_ObjectHideFlags: 0
  m_PVSData: 
  m_PVSObjectsArray: []
  m_PVSPortalsArray: []
  m_OcclusionBakeSettings:
    smallestOccluder: 5
    smallestHole: .25
    backfaceThreshold: 100
--- !u!104 &2
RenderSettings:
  m_Fog: 0
  m_FogColor: {r: .5, g: .5, b: .5, a: 1}
  m_FogMode: 3
  m_FogDensity: .00999999978
  m_LinearFogStart: 0
  m_LinearFogEnd: 300
  m_AmbientLight: {r: .200000003, g: .200000003, b: .200000003, a: 1}
  m_SkyboxMaterial: {fileID: 0}
  m_HaloStrength: .5
  m_FlareStrength: 1
  m_FlareFadeSpeed: 3
  m_HaloTexture: {fileID: 0}
  m_SpotCookie: {fileID: 0}
  m_ObjectHideFlags: 0
--- !u!127 &3
LevelGameManager:
  m_ObjectHideFlags: 0
--- !u!157 &4
LightmapSettings:
  m_ObjectHideFlags: 0
  m_LightProbes: {fileID: 0}
  m_Lightmaps: []
  m_LightmapsMode: 1
  m_BakedColorSpace: 0
  m_UseDualLightmapsInForward: 0
  m_LightmapEditorSettings:
    m_Resolution: 50
    m_LastUsedResolution: 0
    m_TextureWidth: 1024
    m_TextureHeight: 1024
    m_BounceBoost: 1
    m_BounceIntensity: 1
    m_SkyLightColor: {r: .860000014, g: .930000007, b: 1, a: 1}
    m_SkyLightIntensity: 0
    m_Quality: 0
    m_Bounces: 1
    m_FinalGatherRays: 1000
    m_FinalGatherContrastThreshold: .0500000007
    m_FinalGatherGradientThreshold: 0
    m_FinalGatherInterpolationPoints: 15
    m_AOAmount: 0
    m_AOMaxDistance: .100000001
    m_AOContrast: 1
    m_LODSurfaceMappingDistance: 1
    m_Padding: 0
    m_TextureCompression: 0
    m_LockAtlas: 0
--- !u!196 &5
NavMeshSettings:
  m_ObjectHideFlags: 0
  m_BuildSettings:
    agentRadius: .5
    agentHeight: 2
    agentSlope: 45
    agentClimb: .400000006
    ledgeDropHeight: 0
    maxJumpAcrossDistance: 0
    accuratePlacement: 0
    minRegionArea: 2
    widthInaccuracy: 16.666666
    heightInaccuracy: 10
  m_NavMesh: {fileID: 0}
--- !u!1 &140123082
GameObject:
  m_ObjectHideFlags: 0
  m_PrefabParentObject: {fileID: 100012, guid: 843740dbe549a4a6ba9556d1b80001f5, type: 2}
  m_PrefabInternal: {fileID: 544418161}
  serializedVersion: 4
  m_Component:
  - 4: {fileID: 140123083}
  m_Layer: 0
  m_Name: Specular
  m_TagString: Untagged
  m_Icon: {fileID: 0}
  m_NavMeshLayer: 0
  m_StaticEditorFlags: 0
  m_IsActive: 1
--- !u!4 &140123083
Transform:
  m_ObjectHideFlags: 0
  m_PrefabParentObject: {fileID: 400012, guid: 843740dbe549a4a6ba9556d1b80001f5, type: 2}
  m_PrefabInternal: {fileID: 544418161}
  m_GameObject: {fileID: 140123082}
  m_LocalRotation: {x: -.726843357, y: .681218088, z: -.0647061244, w: -.05876977}
  m_LocalPosition: {x: -.699409485, y: 16.8292236, z: 52.0728149}
  m_LocalScale: {x: 1, y: 1, z: 1}
  m_Children: []
  m_Father: {fileID: 893861912}
--- !u!1 &151246072
GameObject:
  m_ObjectHideFlags: 0
  m_PrefabParentObject: {fileID: 0}
  m_PrefabInternal: {fileID: 0}
  serializedVersion: 4
  m_Component:
  - 4: {fileID: 151246074}
  - 20: {fileID: 151246073}
  m_Layer: 0
  m_Name: Water4Example (Simple)ReflectionMain Camera
  m_TagString: Untagged
  m_Icon: {fileID: 0}
  m_NavMeshLayer: 0
  m_StaticEditorFlags: 0
  m_IsActive: 1
--- !u!20 &151246073
Camera:
  m_ObjectHideFlags: 0
  m_PrefabParentObject: {fileID: 0}
  m_PrefabInternal: {fileID: 0}
  m_GameObject: {fileID: 151246072}
  m_Enabled: 0
  serializedVersion: 2
  m_ClearFlags: 1
  m_BackGroundColor: {r: 1, g: 1, b: 1, a: 1}
  m_NormalizedViewPortRect:
    serializedVersion: 2
    x: 0
    y: 0
    width: 1
    height: 1
  near clip plane: .300000012
  far clip plane: 1000
  field of view: 60
  orthographic: 0
  orthographic size: 5
  m_Depth: 0
  m_CullingMask:
    serializedVersion: 2
    m_Bits: 4294967279
  m_RenderingPath: 1
  m_TargetTexture: {fileID: 0}
  m_HDR: 0
  m_OcclusionCulling: 1
--- !u!4 &151246074
Transform:
  m_ObjectHideFlags: 0
  m_PrefabParentObject: {fileID: 0}
  m_PrefabInternal: {fileID: 0}
  m_GameObject: {fileID: 151246072}
  m_LocalRotation: {x: 0, y: 0, z: 0, w: 1}
  m_LocalPosition: {x: 30.1753387, y: 4.71280909, z: 70.7777252}
  m_LocalScale: {x: 1, y: 1, z: 1}
  m_Children: []
  m_Father: {fileID: 0}
--- !u!1 &158749233
GameObject:
  m_ObjectHideFlags: 0
  m_PrefabParentObject: {fileID: 0}
  m_PrefabInternal: {fileID: 0}
  serializedVersion: 4
  m_Component:
  - 4: {fileID: 158749235}
  - 108: {fileID: 158749234}
  m_Layer: 0
  m_Name: Directional light
  m_TagString: Untagged
  m_Icon: {fileID: 0}
  m_NavMeshLayer: 0
  m_StaticEditorFlags: 0
  m_IsActive: 1
--- !u!108 &158749234
Light:
  m_ObjectHideFlags: 0
  m_PrefabParentObject: {fileID: 0}
  m_PrefabInternal: {fileID: 0}
  m_GameObject: {fileID: 158749233}
  m_Enabled: 1
  serializedVersion: 3
  m_Type: 1
  m_Color: {r: .906033695, g: .977941155, b: .974965692, a: 1}
  m_Intensity: .5
  m_Range: 10
  m_SpotAngle: 30
  m_CookieSize: 10
  m_Shadows:
    m_Type: 0
    m_Resolution: -1
    m_Strength: 1
    m_Bias: .0500000007
    m_Softness: 4
    m_SoftnessFade: 1
  m_Cookie: {fileID: 0}
  m_DrawHalo: 0
  m_ActuallyLightmapped: 0
  m_Flare: {fileID: 0}
  m_RenderMode: 0
  m_CullingMask:
    serializedVersion: 2
    m_Bits: 4294967295
  m_Lightmapping: 1
  m_ShadowSamples: 1
  m_ShadowRadius: 0
  m_ShadowAngle: 0
  m_IndirectIntensity: 1
  m_AreaSize: {x: 1, y: 1}
--- !u!4 &158749235
Transform:
  m_ObjectHideFlags: 0
  m_PrefabParentObject: {fileID: 0}
  m_PrefabInternal: {fileID: 0}
  m_GameObject: {fileID: 158749233}
  m_LocalRotation: {x: -3.09086232e-08, y: -.707106829, z: .707106829, w: -3.09086232e-08}
  m_LocalPosition: {x: 248.819229, y: .331467509, z: 59.9438019}
  m_LocalScale: {x: 1, y: 1, z: 1}
  m_Children: []
  m_Father: {fileID: 0}
--- !u!1 &443800946
GameObject:
  m_ObjectHideFlags: 0
  m_PrefabParentObject: {fileID: 100004, guid: 843740dbe549a4a6ba9556d1b80001f5, type: 2}
  m_PrefabInternal: {fileID: 544418161}
  serializedVersion: 4
  m_Component:
  - 4: {fileID: 443800950}
  - 33: {fileID: 443800949}
  - 23: {fileID: 443800948}
  - 114: {fileID: 443800947}
  m_Layer: 4
  m_Name: Tile
  m_TagString: Untagged
  m_Icon: {fileID: 0}
  m_NavMeshLayer: 0
  m_StaticEditorFlags: 0
  m_IsActive: 1
--- !u!114 &443800947
MonoBehaviour:
  m_ObjectHideFlags: 0
  m_PrefabParentObject: {fileID: 11400014, guid: 843740dbe549a4a6ba9556d1b80001f5,
    type: 2}
  m_PrefabInternal: {fileID: 544418161}
  m_GameObject: {fileID: 443800946}
  m_Enabled: 1
  m_EditorHideFlags: 0
  m_Script: {fileID: 11500000, guid: 2a91e8dd37cdd41efb4859b65aced7a2, type: 3}
  m_Name: 
  m_EditorClassIdentifier: 
  reflection: {fileID: 893861911}
  waterBase: {fileID: 893861910}
--- !u!23 &443800948
Renderer:
  m_ObjectHideFlags: 0
  m_PrefabParentObject: {fileID: 2300004, guid: 843740dbe549a4a6ba9556d1b80001f5,
    type: 2}
  m_PrefabInternal: {fileID: 544418161}
  m_GameObject: {fileID: 443800946}
  m_Enabled: 1
  m_CastShadows: 0
  m_ReceiveShadows: 0
  m_LightmapIndex: 8
  m_LightmapTilingOffset: {x: 2, y: -2, z: -.5, w: 1.5}
  m_Materials:
  - {fileID: 2100000, guid: 656fde119942645aa8e062e04c119aa1, type: 2}
  m_SubsetIndices: 
  m_StaticBatchRoot: {fileID: 0}
  m_UseLightProbes: 0
  m_LightProbeAnchor: {fileID: 0}
  m_ScaleInLightmap: 1
  m_SortingLayer: 0
  m_SortingOrder: 0
  m_SortingLayerID: 0
--- !u!33 &443800949
MeshFilter:
  m_ObjectHideFlags: 0
  m_PrefabParentObject: {fileID: 3300004, guid: 843740dbe549a4a6ba9556d1b80001f5,
    type: 2}
  m_PrefabInternal: {fileID: 544418161}
  m_GameObject: {fileID: 443800946}
  m_Mesh: {fileID: 4300000, guid: 681e41ee1260343b395ca58745c94870, type: 3}
--- !u!4 &443800950
Transform:
  m_ObjectHideFlags: 0
  m_PrefabParentObject: {fileID: 400004, guid: 843740dbe549a4a6ba9556d1b80001f5, type: 2}
  m_PrefabInternal: {fileID: 544418161}
  m_GameObject: {fileID: 443800946}
  m_LocalRotation: {x: 0, y: 0, z: 0, w: 1}
  m_LocalPosition: {x: 0, y: 0, z: 25}
  m_LocalScale: {x: .5, y: .5, z: .5}
  m_Children: []
  m_Father: {fileID: 893861912}
--- !u!1001 &544418161
Prefab:
  m_ObjectHideFlags: 0
  serializedVersion: 2
  m_Modification:
    m_TransformParent: {fileID: 0}
    m_Modifications:
    - target: {fileID: 400006, guid: 843740dbe549a4a6ba9556d1b80001f5, type: 2}
      propertyPath: m_LocalPosition.x
      value: 111.911369
      objectReference: {fileID: 0}
    - target: {fileID: 400006, guid: 843740dbe549a4a6ba9556d1b80001f5, type: 2}
      propertyPath: m_LocalPosition.y
      value: 4.54890823
      objectReference: {fileID: 0}
    - target: {fileID: 400006, guid: 843740dbe549a4a6ba9556d1b80001f5, type: 2}
      propertyPath: m_LocalPosition.z
      value: 110.441269
      objectReference: {fileID: 0}
    - target: {fileID: 400006, guid: 843740dbe549a4a6ba9556d1b80001f5, type: 2}
      propertyPath: m_LocalRotation.x
      value: 0
      objectReference: {fileID: 0}
    - target: {fileID: 400006, guid: 843740dbe549a4a6ba9556d1b80001f5, type: 2}
      propertyPath: m_LocalRotation.y
      value: 0
      objectReference: {fileID: 0}
    - target: {fileID: 400006, guid: 843740dbe549a4a6ba9556d1b80001f5, type: 2}
      propertyPath: m_LocalRotation.z
      value: 0
      objectReference: {fileID: 0}
    - target: {fileID: 400006, guid: 843740dbe549a4a6ba9556d1b80001f5, type: 2}
      propertyPath: m_LocalRotation.w
      value: 1
      objectReference: {fileID: 0}
    - target: {fileID: 400006, guid: 843740dbe549a4a6ba9556d1b80001f5, type: 2}
      propertyPath: m_LocalScale.x
      value: 11.7482214
      objectReference: {fileID: 0}
    - target: {fileID: 400006, guid: 843740dbe549a4a6ba9556d1b80001f5, type: 2}
      propertyPath: m_LocalScale.y
      value: 4.26517105
      objectReference: {fileID: 0}
    - target: {fileID: 400006, guid: 843740dbe549a4a6ba9556d1b80001f5, type: 2}
      propertyPath: m_LocalScale.z
      value: 4.26517105
      objectReference: {fileID: 0}
    m_RemovedComponents: []
  m_ParentPrefab: {fileID: 100100000, guid: 843740dbe549a4a6ba9556d1b80001f5, type: 2}
  m_RootGameObject: {fileID: 893861909}
  m_IsPrefabParent: 0
  m_IsExploded: 1
--- !u!1 &836473617
GameObject:
  m_ObjectHideFlags: 0
  m_PrefabParentObject: {fileID: 0}
  m_PrefabInternal: {fileID: 0}
  serializedVersion: 4
  m_Component:
  - 4: {fileID: 836473619}
  - 20: {fileID: 836473618}
  m_Layer: 0
  m_Name: Water4Example (Simple)ReflectionSceneCamera
  m_TagString: Untagged
  m_Icon: {fileID: 0}
  m_NavMeshLayer: 0
  m_StaticEditorFlags: 0
  m_IsActive: 1
--- !u!20 &836473618
Camera:
  m_ObjectHideFlags: 0
  m_PrefabParentObject: {fileID: 0}
  m_PrefabInternal: {fileID: 0}
  m_GameObject: {fileID: 836473617}
  m_Enabled: 0
  serializedVersion: 2
  m_ClearFlags: 1
  m_BackGroundColor: {r: 1, g: 1, b: 1, a: 1}
  m_NormalizedViewPortRect:
    serializedVersion: 2
    x: 0
    y: 0
    width: 1
    height: 1
  near clip plane: .300000012
  far clip plane: 1000
  field of view: 60
  orthographic: 0
  orthographic size: 5
  m_Depth: 0
  m_CullingMask:
    serializedVersion: 2
    m_Bits: 4294967279
  m_RenderingPath: 1
  m_TargetTexture: {fileID: 0}
  m_HDR: 0
  m_OcclusionCulling: 1
--- !u!4 &836473619
Transform:
  m_ObjectHideFlags: 0
  m_PrefabParentObject: {fileID: 0}
  m_PrefabInternal: {fileID: 0}
  m_GameObject: {fileID: 836473617}
  m_LocalRotation: {x: -.18687208, y: .218966633, z: .0427701399, w: .956714809}
  m_LocalPosition: {x: 111.759659, y: -99.6854782, z: 82.8095016}
  m_LocalScale: {x: 1, y: 1, z: 1}
  m_Children: []
  m_Father: {fileID: 0}
--- !u!1 &893861909
GameObject:
  m_ObjectHideFlags: 0
  m_PrefabParentObject: {fileID: 100006, guid: 843740dbe549a4a6ba9556d1b80001f5, type: 2}
  m_PrefabInternal: {fileID: 544418161}
  serializedVersion: 4
  m_Component:
  - 4: {fileID: 893861912}
  - 114: {fileID: 893861910}
  - 114: {fileID: 893861911}
  - 114: {fileID: 893861914}
  - 114: {fileID: 893861913}
  m_Layer: 0
  m_Name: Water4Example (Simple)
  m_TagString: Untagged
  m_Icon: {fileID: 0}
  m_NavMeshLayer: 0
  m_StaticEditorFlags: 0
  m_IsActive: 1
--- !u!114 &893861910
MonoBehaviour:
  m_ObjectHideFlags: 0
  m_PrefabParentObject: {fileID: 11400008, guid: 843740dbe549a4a6ba9556d1b80001f5,
    type: 2}
  m_PrefabInternal: {fileID: 544418161}
  m_GameObject: {fileID: 893861909}
  m_Enabled: 1
  m_EditorHideFlags: 0
  m_Script: {fileID: 11500000, guid: a1da353243062479a9b31c85074a796b, type: 3}
  m_Name: 
  m_EditorClassIdentifier: 
  sharedMaterial: {fileID: 2100000, guid: 656fde119942645aa8e062e04c119aa1, type: 2}
  waterQuality: 2
  edgeBlend: 1
--- !u!114 &893861911
MonoBehaviour:
  m_ObjectHideFlags: 0
  m_PrefabParentObject: {fileID: 11400004, guid: 843740dbe549a4a6ba9556d1b80001f5,
    type: 2}
  m_PrefabInternal: {fileID: 544418161}
  m_GameObject: {fileID: 893861909}
  m_Enabled: 1
  m_EditorHideFlags: 0
  m_Script: {fileID: 11500000, guid: 4185bc77c7194462ca3b1097ef4a5de0, type: 3}
  m_Name: 
  m_EditorClassIdentifier: 
  reflectionMask:
    serializedVersion: 2
    m_Bits: 4294967295
  reflectSkybox: 1
  clearColor: {r: 1, g: 1, b: 1, a: 1}
  reflectionSampler: _ReflectionTex
  clipPlaneOffset: .0700000003
--- !u!4 &893861912
Transform:
  m_ObjectHideFlags: 0
  m_PrefabParentObject: {fileID: 400006, guid: 843740dbe549a4a6ba9556d1b80001f5, type: 2}
  m_PrefabInternal: {fileID: 544418161}
  m_GameObject: {fileID: 893861909}
  m_LocalRotation: {x: 0, y: 0, z: 0, w: 1}
  m_LocalPosition: {x: 111.911369, y: 4.54890823, z: 110.441269}
  m_LocalScale: {x: 11.7482214, y: 4.26517105, z: 4.26517105}
  m_Children:
  - {fileID: 443800950}
  - {fileID: 140123083}
  - {fileID: 1822645518}
  m_Father: {fileID: 0}
--- !u!114 &893861913
MonoBehaviour:
  m_ObjectHideFlags: 0
  m_PrefabParentObject: {fileID: 11400000, guid: 843740dbe549a4a6ba9556d1b80001f5,
    type: 2}
  m_PrefabInternal: {fileID: 544418161}
  m_GameObject: {fileID: 893861909}
  m_Enabled: 1
  m_EditorHideFlags: 0
  m_Script: {fileID: 11500000, guid: 42e7f46d0e5a84171a3909479c1646ba, type: 3}
  m_Name: 
  m_EditorClassIdentifier: 
--- !u!114 &893861914
MonoBehaviour:
  m_ObjectHideFlags: 0
  m_PrefabParentObject: {fileID: 11400002, guid: 843740dbe549a4a6ba9556d1b80001f5,
    type: 2}
  m_PrefabInternal: {fileID: 544418161}
  m_GameObject: {fileID: 893861909}
  m_Enabled: 1
  m_EditorHideFlags: 0
  m_Script: {fileID: 11500000, guid: de2ab2b9ac93bb544b9552e49030371b, type: 3}
  m_Name: 
  m_EditorClassIdentifier: 
  specularLight: {fileID: 140123083}
--- !u!1 &1028664205
GameObject:
  m_ObjectHideFlags: 0
  m_PrefabParentObject: {fileID: 100000, guid: 9d4133d5d30b644bd87802a347eaccbe, type: 2}
  m_PrefabInternal: {fileID: 1626651727}
  serializedVersion: 4
  m_Component:
  - 4: {fileID: 1028664208}
  - 33: {fileID: 1028664207}
  - 23: {fileID: 1028664206}
  m_Layer: 0
  m_Name: Graphics
  m_TagString: Untagged
  m_Icon: {fileID: 0}
  m_NavMeshLayer: 0
  m_StaticEditorFlags: 0
  m_IsActive: 1
--- !u!23 &1028664206
Renderer:
  m_ObjectHideFlags: 0
  m_PrefabParentObject: {fileID: 2300000, guid: 9d4133d5d30b644bd87802a347eaccbe,
    type: 2}
  m_PrefabInternal: {fileID: 1626651727}
  m_GameObject: {fileID: 1028664205}
  m_Enabled: 1
  m_CastShadows: 0
  m_ReceiveShadows: 0
  m_LightmapIndex: 255
  m_LightmapTilingOffset: {x: 1, y: 1, z: 0, w: 0}
  m_Materials:
  - {fileID: 10302, guid: 0000000000000000f000000000000000, type: 0}
  m_SubsetIndices: 
  m_StaticBatchRoot: {fileID: 0}
  m_UseLightProbes: 0
  m_LightProbeAnchor: {fileID: 0}
  m_ScaleInLightmap: 1
  m_SortingLayer: 0
  m_SortingOrder: 0
  m_SortingLayerID: 0
--- !u!33 &1028664207
MeshFilter:
  m_ObjectHideFlags: 0
  m_PrefabParentObject: {fileID: 3300000, guid: 9d4133d5d30b644bd87802a347eaccbe,
    type: 2}
  m_PrefabInternal: {fileID: 1626651727}
  m_GameObject: {fileID: 1028664205}
  m_Mesh: {fileID: 10205, guid: 0000000000000000e000000000000000, type: 0}
--- !u!4 &1028664208
Transform:
  m_ObjectHideFlags: 0
  m_PrefabParentObject: {fileID: 400000, guid: 9d4133d5d30b644bd87802a347eaccbe, type: 2}
  m_PrefabInternal: {fileID: 1626651727}
  m_GameObject: {fileID: 1028664205}
  m_LocalRotation: {x: -0, y: 0, z: 0, w: 1}
  m_LocalPosition: {x: 0, y: 0, z: 0}
  m_LocalScale: {x: .400000006, y: .5, z: .400000006}
  m_Children: []
  m_Father: {fileID: 2050753429}
--- !u!1 &1061533474
GameObject:
  m_ObjectHideFlags: 0
  m_PrefabParentObject: {fileID: 100004, guid: 9d4133d5d30b644bd87802a347eaccbe, type: 2}
  m_PrefabInternal: {fileID: 1626651727}
  serializedVersion: 4
  m_Component:
  - 4: {fileID: 1061533475}
  - 20: {fileID: 1061533480}
  - 92: {fileID: 1061533479}
  - 124: {fileID: 1061533478}
  - 114: {fileID: 1061533477}
  - 81: {fileID: 1061533476}
  m_Layer: 0
  m_Name: Main Camera
  m_TagString: MainCamera
  m_Icon: {fileID: 0}
  m_NavMeshLayer: 0
  m_StaticEditorFlags: 0
  m_IsActive: 1
--- !u!4 &1061533475
Transform:
  m_ObjectHideFlags: 0
  m_PrefabParentObject: {fileID: 400004, guid: 9d4133d5d30b644bd87802a347eaccbe, type: 2}
  m_PrefabInternal: {fileID: 1626651727}
  m_GameObject: {fileID: 1061533474}
  m_LocalRotation: {x: 0, y: 0, z: 0, w: 1}
  m_LocalPosition: {x: 0, y: .907083511, z: 0}
  m_LocalScale: {x: 1, y: 1, z: 1}
  m_Children: []
  m_Father: {fileID: 2050753429}
--- !u!81 &1061533476
AudioListener:
  m_ObjectHideFlags: 0
  m_PrefabParentObject: {fileID: 8100000, guid: 9d4133d5d30b644bd87802a347eaccbe,
    type: 2}
  m_PrefabInternal: {fileID: 1626651727}
  m_GameObject: {fileID: 1061533474}
  m_Enabled: 1
--- !u!114 &1061533477
MonoBehaviour:
  m_ObjectHideFlags: 0
  m_PrefabParentObject: {fileID: 11400006, guid: 9d4133d5d30b644bd87802a347eaccbe,
    type: 2}
  m_PrefabInternal: {fileID: 1626651727}
  m_GameObject: {fileID: 1061533474}
  m_Enabled: 1
  m_EditorHideFlags: 0
  m_Script: {fileID: 11500000, guid: 68ec2fe99d1108b9d0006a298d76c639, type: 3}
  m_Name: 
  m_EditorClassIdentifier: 
  axes: 2
  sensitivityX: 10
  sensitivityY: 10
  minimumX: 0
  maximumX: 360
  minimumY: -60
  maximumY: 60
--- !u!124 &1061533478
Behaviour:
  m_ObjectHideFlags: 0
  m_PrefabParentObject: {fileID: 12400000, guid: 9d4133d5d30b644bd87802a347eaccbe,
    type: 2}
  m_PrefabInternal: {fileID: 1626651727}
  m_GameObject: {fileID: 1061533474}
  m_Enabled: 1
--- !u!92 &1061533479
Behaviour:
  m_ObjectHideFlags: 0
  m_PrefabParentObject: {fileID: 9200000, guid: 9d4133d5d30b644bd87802a347eaccbe,
    type: 2}
  m_PrefabInternal: {fileID: 1626651727}
  m_GameObject: {fileID: 1061533474}
  m_Enabled: 1
--- !u!20 &1061533480
Camera:
  m_ObjectHideFlags: 0
  m_PrefabParentObject: {fileID: 2000000, guid: 9d4133d5d30b644bd87802a347eaccbe,
    type: 2}
  m_PrefabInternal: {fileID: 1626651727}
  m_GameObject: {fileID: 1061533474}
  m_Enabled: 1
  serializedVersion: 2
  m_ClearFlags: 1
  m_BackGroundColor: {r: .19166474, g: .301966369, b: .474509805, a: 1}
  m_NormalizedViewPortRect:
    serializedVersion: 2
    x: 0
    y: 0
    width: 1
    height: 1
  near clip plane: .300000012
  far clip plane: 1000
  field of view: 60
  orthographic: 0
  orthographic size: 100
  m_Depth: 0
  m_CullingMask:
    serializedVersion: 2
    m_Bits: 4294967295
  m_RenderingPath: -1
  m_TargetTexture: {fileID: 0}
  m_HDR: 0
  m_OcclusionCulling: 1
--- !u!1 &1091788290
GameObject:
  m_ObjectHideFlags: 0
  m_PrefabParentObject: {fileID: 0}
  m_PrefabInternal: {fileID: 0}
  serializedVersion: 4
  m_Component:
  - 4: {fileID: 1091788295}
  - 33: {fileID: 1091788294}
  - 136: {fileID: 1091788293}
  - 23: {fileID: 1091788292}
  - 54: {fileID: 1091788291}
  - 114: {fileID: 1091788296}
  m_Layer: 0
  m_Name: Capsule
  m_TagString: Untagged
  m_Icon: {fileID: 0}
  m_NavMeshLayer: 0
  m_StaticEditorFlags: 0
  m_IsActive: 1
--- !u!54 &1091788291
Rigidbody:
  m_ObjectHideFlags: 0
  m_PrefabParentObject: {fileID: 0}
  m_PrefabInternal: {fileID: 0}
  m_GameObject: {fileID: 1091788290}
  serializedVersion: 2
  m_Mass: .100000001
  m_Drag: 0
  m_AngularDrag: .0500000007
  m_UseGravity: 1
  m_IsKinematic: 0
  m_Interpolate: 0
  m_Constraints: 0
  m_CollisionDetection: 0
--- !u!23 &1091788292
Renderer:
  m_ObjectHideFlags: 0
  m_PrefabParentObject: {fileID: 0}
  m_PrefabInternal: {fileID: 0}
  m_GameObject: {fileID: 1091788290}
  m_Enabled: 1
  m_CastShadows: 1
  m_ReceiveShadows: 1
  m_LightmapIndex: 255
  m_LightmapTilingOffset: {x: 1, y: 1, z: 0, w: 0}
  m_Materials:
  - {fileID: 10302, guid: 0000000000000000f000000000000000, type: 0}
  m_SubsetIndices: 
  m_StaticBatchRoot: {fileID: 0}
  m_UseLightProbes: 0
  m_LightProbeAnchor: {fileID: 0}
  m_ScaleInLightmap: 1
  m_SortingLayer: 0
  m_SortingOrder: 0
  m_SortingLayerID: 0
--- !u!136 &1091788293
CapsuleCollider:
  m_ObjectHideFlags: 0
  m_PrefabParentObject: {fileID: 0}
  m_PrefabInternal: {fileID: 0}
  m_GameObject: {fileID: 1091788290}
  m_Material: {fileID: 0}
  m_IsTrigger: 0
  m_Enabled: 1
  m_Radius: .5
  m_Height: 2
  m_Direction: 1
  m_Center: {x: 0, y: 0, z: 0}
--- !u!33 &1091788294
MeshFilter:
  m_ObjectHideFlags: 0
  m_PrefabParentObject: {fileID: 0}
  m_PrefabInternal: {fileID: 0}
  m_GameObject: {fileID: 1091788290}
  m_Mesh: {fileID: 10208, guid: 0000000000000000e000000000000000, type: 0}
--- !u!4 &1091788295
Transform:
  m_ObjectHideFlags: 0
  m_PrefabParentObject: {fileID: 0}
  m_PrefabInternal: {fileID: 0}
  m_GameObject: {fileID: 1091788290}
  m_LocalRotation: {x: 0, y: 0, z: 0, w: 1}
  m_LocalPosition: {x: 1493.599, y: 12.9828548, z: 1397.38257}
  m_LocalScale: {x: 1, y: 1, z: 1}
  m_Children: []
  m_Father: {fileID: 0}
--- !u!114 &1091788296
MonoBehaviour:
  m_ObjectHideFlags: 0
  m_PrefabParentObject: {fileID: 0}
  m_PrefabInternal: {fileID: 0}
  m_GameObject: {fileID: 1091788290}
  m_Enabled: 1
  m_EditorHideFlags: 0
  m_Script: {fileID: 11500000, guid: 40821393d7f15804fb6d92e90c4e87f1, type: 3}
  m_Name: 
  m_EditorClassIdentifier: 
--- !u!1001 &1626651727
Prefab:
  m_ObjectHideFlags: 0
  serializedVersion: 2
  m_Modification:
    m_TransformParent: {fileID: 0}
    m_Modifications:
    - target: {fileID: 400002, guid: 9d4133d5d30b644bd87802a347eaccbe, type: 2}
      propertyPath: m_LocalPosition.x
      value: 30.1753387
      objectReference: {fileID: 0}
    - target: {fileID: 400002, guid: 9d4133d5d30b644bd87802a347eaccbe, type: 2}
      propertyPath: m_LocalPosition.y
      value: 3.61792421
      objectReference: {fileID: 0}
    - target: {fileID: 400002, guid: 9d4133d5d30b644bd87802a347eaccbe, type: 2}
      propertyPath: m_LocalPosition.z
      value: 70.7777252
      objectReference: {fileID: 0}
    - target: {fileID: 400002, guid: 9d4133d5d30b644bd87802a347eaccbe, type: 2}
      propertyPath: m_LocalRotation.x
      value: 0
      objectReference: {fileID: 0}
    - target: {fileID: 400002, guid: 9d4133d5d30b644bd87802a347eaccbe, type: 2}
      propertyPath: m_LocalRotation.y
      value: 0
      objectReference: {fileID: 0}
    - target: {fileID: 400002, guid: 9d4133d5d30b644bd87802a347eaccbe, type: 2}
      propertyPath: m_LocalRotation.z
      value: 0
      objectReference: {fileID: 0}
    - target: {fileID: 400002, guid: 9d4133d5d30b644bd87802a347eaccbe, type: 2}
      propertyPath: m_LocalRotation.w
      value: 1
      objectReference: {fileID: 0}
    m_RemovedComponents: []
  m_ParentPrefab: {fileID: 100100000, guid: 9d4133d5d30b644bd87802a347eaccbe, type: 2}
  m_RootGameObject: {fileID: 2050753428}
  m_IsPrefabParent: 0
  m_IsExploded: 1
--- !u!1 &1822645517
GameObject:
  m_ObjectHideFlags: 0
  m_PrefabParentObject: {fileID: 100000, guid: 843740dbe549a4a6ba9556d1b80001f5, type: 2}
  m_PrefabInternal: {fileID: 544418161}
  serializedVersion: 4
  m_Component:
  - 4: {fileID: 1822645518}
  - 33: {fileID: 1822645521}
  - 23: {fileID: 1822645520}
  - 114: {fileID: 1822645519}
  m_Layer: 4
  m_Name: Tile
  m_TagString: Untagged
  m_Icon: {fileID: 0}
  m_NavMeshLayer: 0
  m_StaticEditorFlags: 0
  m_IsActive: 1
--- !u!4 &1822645518
Transform:
  m_ObjectHideFlags: 0
  m_PrefabParentObject: {fileID: 400000, guid: 843740dbe549a4a6ba9556d1b80001f5, type: 2}
  m_PrefabInternal: {fileID: 544418161}
  m_GameObject: {fileID: 1822645517}
  m_LocalRotation: {x: 0, y: 0, z: 0, w: 1}
  m_LocalPosition: {x: 0, y: 0, z: -25}
  m_LocalScale: {x: .5, y: .5, z: .5}
  m_Children: []
  m_Father: {fileID: 893861912}
--- !u!114 &1822645519
MonoBehaviour:
  m_ObjectHideFlags: 0
  m_PrefabParentObject: {fileID: 11400010, guid: 843740dbe549a4a6ba9556d1b80001f5,
    type: 2}
  m_PrefabInternal: {fileID: 544418161}
  m_GameObject: {fileID: 1822645517}
  m_Enabled: 1
  m_EditorHideFlags: 0
  m_Script: {fileID: 11500000, guid: 2a91e8dd37cdd41efb4859b65aced7a2, type: 3}
  m_Name: 
  m_EditorClassIdentifier: 
  reflection: {fileID: 893861911}
  waterBase: {fileID: 893861910}
--- !u!23 &1822645520
Renderer:
  m_ObjectHideFlags: 0
  m_PrefabParentObject: {fileID: 2300000, guid: 843740dbe549a4a6ba9556d1b80001f5,
    type: 2}
  m_PrefabInternal: {fileID: 544418161}
  m_GameObject: {fileID: 1822645517}
  m_Enabled: 1
  m_CastShadows: 0
  m_ReceiveShadows: 0
  m_LightmapIndex: 8
  m_LightmapTilingOffset: {x: 2, y: -2, z: -.5, w: 1.5}
  m_Materials:
  - {fileID: 2100000, guid: 656fde119942645aa8e062e04c119aa1, type: 2}
  m_SubsetIndices: 
  m_StaticBatchRoot: {fileID: 0}
  m_UseLightProbes: 0
  m_LightProbeAnchor: {fileID: 0}
  m_ScaleInLightmap: 1
  m_SortingLayer: 0
  m_SortingOrder: 0
  m_SortingLayerID: 0
--- !u!33 &1822645521
MeshFilter:
  m_ObjectHideFlags: 0
  m_PrefabParentObject: {fileID: 3300000, guid: 843740dbe549a4a6ba9556d1b80001f5,
    type: 2}
  m_PrefabInternal: {fileID: 544418161}
  m_GameObject: {fileID: 1822645517}
  m_Mesh: {fileID: 4300000, guid: 681e41ee1260343b395ca58745c94870, type: 3}
--- !u!1 &2048289515
GameObject:
  m_ObjectHideFlags: 0
  m_PrefabParentObject: {fileID: 0}
  m_PrefabInternal: {fileID: 0}
  serializedVersion: 4
  m_Component:
  - 4: {fileID: 2048289518}
  - 114: {fileID: 2048289517}
  - 154: {fileID: 2048289516}
  m_Layer: 0
  m_Name: Terrain
  m_TagString: Untagged
  m_Icon: {fileID: 0}
  m_NavMeshLayer: 0
  m_StaticEditorFlags: 4294967295
  m_IsActive: 1
--- !u!154 &2048289516
TerrainCollider:
  m_ObjectHideFlags: 0
  m_PrefabParentObject: {fileID: 0}
  m_PrefabInternal: {fileID: 0}
  m_GameObject: {fileID: 2048289515}
  m_IsTrigger: 0
  m_Enabled: 1
  m_TerrainData: {fileID: 15600000, guid: 455baea19ba503a43bcf1ea1af50b9a8, type: 2}
  m_CreateTreeColliders: 1
--- !u!114 &2048289517
MonoBehaviour:
  m_ObjectHideFlags: 0
  m_PrefabParentObject: {fileID: 0}
  m_PrefabInternal: {fileID: 0}
  m_GameObject: {fileID: 2048289515}
  m_Enabled: 1
  m_EditorHideFlags: 1
  m_Script: {fileID: 12000, guid: 0000000000000000e000000000000000, type: 0}
  m_Name: 
  m_EditorClassIdentifier: 
  m_TerrainData: {fileID: 15600000, guid: 455baea19ba503a43bcf1ea1af50b9a8, type: 2}
  m_TreeDistance: 2000
  m_TreeBillboardDistance: 50
  m_TreeCrossFadeLength: 5
  m_TreeMaximumFullLODCount: 50
  m_DetailObjectDistance: 80
  m_DetailObjectDensity: 1
  m_HeightmapPixelError: 5
  m_SplatMapDistance: 1000
  m_HeightmapMaximumLOD: 0
  m_CastShadows: 1
  m_LightmapIndex: -1
  m_LightmapSize: 1024
  m_DrawTreesAndFoliage: 1
  m_MaterialTemplate: {fileID: 0}
--- !u!4 &2048289518
Transform:
  m_ObjectHideFlags: 0
  m_PrefabParentObject: {fileID: 0}
  m_PrefabInternal: {fileID: 0}
  m_GameObject: {fileID: 2048289515}
  m_LocalRotation: {x: 0, y: 0, z: 0, w: 1}
  m_LocalPosition: {x: 0, y: 0, z: 0}
  m_LocalScale: {x: 1, y: 1, z: 1}
  m_Children: []
  m_Father: {fileID: 0}
--- !u!1 &2050753428
GameObject:
  m_ObjectHideFlags: 0
  m_PrefabParentObject: {fileID: 100002, guid: 9d4133d5d30b644bd87802a347eaccbe, type: 2}
  m_PrefabInternal: {fileID: 1626651727}
  serializedVersion: 4
  m_Component:
  - 4: {fileID: 2050753429}
  - 143: {fileID: 2050753433}
  - 114: {fileID: 2050753432}
  - 114: {fileID: 2050753431}
  - 114: {fileID: 2050753430}
  m_Layer: 0
  m_Name: First Person Controller
  m_TagString: Untagged
  m_Icon: {fileID: 0}
  m_NavMeshLayer: 0
  m_StaticEditorFlags: 0
  m_IsActive: 1
--- !u!4 &2050753429
Transform:
  m_ObjectHideFlags: 0
  m_PrefabParentObject: {fileID: 400002, guid: 9d4133d5d30b644bd87802a347eaccbe, type: 2}
  m_PrefabInternal: {fileID: 1626651727}
  m_GameObject: {fileID: 2050753428}
  m_LocalRotation: {x: 0, y: 0, z: 0, w: 1}
  m_LocalPosition: {x: 30.1753387, y: 3.61792421, z: 70.7777252}
  m_LocalScale: {x: 1, y: 1, z: 1}
  m_Children:
  - {fileID: 1028664208}
  - {fileID: 1061533475}
  m_Father: {fileID: 0}
--- !u!114 &2050753430
MonoBehaviour:
  m_ObjectHideFlags: 0
  m_PrefabParentObject: {fileID: 11400004, guid: 9d4133d5d30b644bd87802a347eaccbe,
    type: 2}
  m_PrefabInternal: {fileID: 1626651727}
  m_GameObject: {fileID: 2050753428}
  m_Enabled: 1
  m_EditorHideFlags: 0
  m_Script: {fileID: 11500000, guid: 60bca8f58a0b8478e946e6e86658cb29, type: 3}
  m_Name: 
  m_EditorClassIdentifier: 
--- !u!114 &2050753431
MonoBehaviour:
  m_ObjectHideFlags: 0
  m_PrefabParentObject: {fileID: 11400002, guid: 9d4133d5d30b644bd87802a347eaccbe,
    type: 2}
  m_PrefabInternal: {fileID: 1626651727}
  m_GameObject: {fileID: 2050753428}
  m_Enabled: 1
  m_EditorHideFlags: 0
  m_Script: {fileID: 11500000, guid: 0ab79d7f243824f5d9826bd83522c8df, type: 3}
  m_Name: 
  m_EditorClassIdentifier: 
  canControl: 1
  useFixedUpdate: 1
  movement:
    maxForwardSpeed: 6
    maxSidewaysSpeed: 6
    maxBackwardsSpeed: 6
    slopeSpeedMultiplier:
      serializedVersion: 2
      m_Curve:
      - time: -90
        value: 1
        inSlope: 0
        outSlope: 0
        tangentMode: 0
      - time: 0
        value: 1
        inSlope: 0
        outSlope: 0
        tangentMode: 0
      - time: 90
        value: 0
        inSlope: 0
        outSlope: 0
        tangentMode: 0
      m_PreInfinity: 2
      m_PostInfinity: 2
    maxGroundAcceleration: 20
    maxAirAcceleration: 15
    gravity: 20
    maxFallSpeed: 20
  jumping:
    enabled: 1
    baseHeight: 1
    extraHeight: 1
    perpAmount: 0
    steepPerpAmount: .5
  movingPlatform:
    enabled: 1
    movementTransfer: 2
  sliding:
    enabled: 1
    slidingSpeed: 10
    sidewaysControl: 1
    speedControl: .400000006
--- !u!114 &2050753432
MonoBehaviour:
  m_ObjectHideFlags: 0
  m_PrefabParentObject: {fileID: 11400000, guid: 9d4133d5d30b644bd87802a347eaccbe,
    type: 2}
  m_PrefabInternal: {fileID: 1626651727}
  m_GameObject: {fileID: 2050753428}
  m_Enabled: 1
  m_EditorHideFlags: 0
  m_Script: {fileID: 11500000, guid: 68ec2fe99d1108b9d0006a298d76c639, type: 3}
  m_Name: 
  m_EditorClassIdentifier: 
  axes: 1
  sensitivityX: 15
  sensitivityY: 0
  minimumX: -360
  maximumX: 360
  minimumY: 0
  maximumY: 0
--- !u!143 &2050753433
CharacterController:
  m_ObjectHideFlags: 0
  m_PrefabParentObject: {fileID: 14300000, guid: 9d4133d5d30b644bd87802a347eaccbe,
    type: 2}
  m_PrefabInternal: {fileID: 1626651727}
  m_GameObject: {fileID: 2050753428}
  serializedVersion: 2
  m_Height: 2
  m_Radius: .400000006
  m_SlopeLimit: 45
  m_StepOffset: .400000006
  m_SkinWidth: .0500000007
  m_MinMoveDistance: 0
  m_Center: {x: 0, y: 0, z: 0}
